@article{Thirunarayan2009,
author = {Thirunarayan, Krishnaprasad},
file = {:home/hendersont/.local/share/data/Mendeley Ltd./Mendeley Desktop/Downloaded/Thirunarayan - 2009 - Attribute Grammars and Their Applications.pdf:pdf},
number = {X},
title = {{Attribute Grammars and Their Applications}},
url = {http://knoesis.wright.edu/library/publications/AttributeGrammars.pdf},
year = {2009}
}
@article{Starkie2002,
author = {Starkie, Bradford},
file = {:home/hendersont/.local/share/data/Mendeley Ltd./Mendeley Desktop/Downloaded/Starkie - 2002 - Inferring attribute grammars with structured data for natural language processing.pdf:pdf},
journal = {Grammatical Inference: Algorithms and Applications},
pages = {329--333},
publisher = {Springer},
title = {{Inferring attribute grammars with structured data for natural language processing}},
url = {http://www.springerlink.com/index/4T79EXMQ32HW3WU7.pdf},
year = {2002}
}
@incollection{Slonneger1995,
author = {Slonneger, Ken and Kurtz, Barry},
booktitle = {Formal Syntax and Semantics of Programming Languages},
file = {:home/hendersont/.local/share/data/Mendeley Ltd./Mendeley Desktop/Downloaded/Slonneger, Kurtz - 1995 - Chapter 3 Attribute Grammars.pdf:pdf},
isbn = {0-201-65697-3},
pages = {1995},
title = {{Chapter 3 Attribute Grammars}},
url = {http://www.divms.uiowa.edu/~slonnegr/plf/Book/},
year = {1995}
}
@article{Knuth1990,
author = {Knuth, D.},
file = {:home/hendersont/.local/share/data/Mendeley Ltd./Mendeley Desktop/Downloaded/Knuth - 1990 - The genesis of attribute grammars.pdf:pdf},
journal = {Attribute Grammars and Their Applications},
pages = {1--12},
publisher = {Springer},
title = {{The genesis of attribute grammars}},
url = {http://www.springerlink.com/index/ykj81tk1077h5763.pdf},
year = {1990}
}
